@article{Biala2012,
   author = {Aleksandra Biała},
   title = {Sposoby chłodzenia i przechowywania organów do przeszczepu, część 1},
   journal = {Technika Chłodnicza i Klimatyzacyjna},
   year = 2012,
   volume = 3,
   number = 10,
   pages = "14-18",
}


@book{Smith2012,
   author = "Michael Smith and Jane Donovan",
   title = "Vaccine Storage and Handling Guidelines Ontario",
   publisher = "Queen’s Printer for Ontario",
   edition = "Second",
   year = "2012",

}

@article{Volmer2016,
   author = {Volmer, Tom and Brown, Julia},
   ournal = {Renewable Energy},
   keywords = {thin film evaporation},
   pages = {1--13},
   publisher = {Elsevier Ltd},
   title = {Evaporator development for adsorption vaccine storage devices},
   year = {2016}
}
